% This file was created with JabRef 2.7b.
% Encoding: UTF-8

@INPROCEEDINGS{5614702,
  author = {Apicharttrisorn, Kittipat and Choochaisri, Supasate and Intanagonwiwat,
	Chalermek},
  title = {{Energy-Efficient Gradient Time Synchronization for Wireless Sensor
	Networks}},
  booktitle = {Computational Intelligence, Communication Systems and Networks (CICSyN),
	2010 Second International Conference on},
  year = {2010},
  pages = {124--129}
}

@INPROCEEDINGS{4141997,
  author = {Boonpinon, N and Sudsang, A},
  title = {{Heterogeneity Driven Circular Formation}},
  booktitle = {Robotics and Biomimetics, 2006. ROBIO '06. IEEE International Conference
	on},
  year = {2006},
  pages = {971--976},
  keywords = {artificial force fields;coordinating multiple robots;distributed control
	algorithm;heterogeneity driven circular formation;limited sensory
	range constraint;multirobot systems;distributed control;multi-robot
	systems;position control;sensors;}
}

@ELECTRONIC{gersheng,
  author = {Brakken-Thal, Sean},
  year = {2007},
  title = {Gershgorin’s Theorem for Estimating Eigenvalues},
  url = {http://buzzard.ups.edu/courses/2007spring/projects/brakkenthal-paper.pdf},
  owner = {ping},
  timestamp = {2012.04.19}
}

@INPROCEEDINGS{senvm,
  author = {Choochaisri, Supasate and Niennarttrakul, Vit and Jenjaturong, Sarun
	and Intanagonwiwat, Chalermek and Rattanamahattana, Chotirat Ann},
  title = {{SENVM: a Server Environment Monitoring and Controlling System for
	a Small Data Center Using Wireless Sensor Network}},
  booktitle = {2010 International Computer Science and Engineering Conference},
  year = {2010}
}

@ARTICLE{Cohen-08,
  author = {Cohen, Reuven and Peleg, David},
  title = {Local spreading algorithms for autonomous robot systems},
  journal = {Theor. Comput. Sci.},
  year = {2008},
  volume = {399},
  pages = {71--82},
  number = {1-2},
  month = jun,
  acmid = {1367479},
  address = {Essex, UK},
  issn = {0304-3975},
  issue_date = {June, 2008},
  keywords = {Mobile autonomous robots, Robot swarms, Spreading},
  numpages = {12},
  publisher = {Elsevier Science Publishers Ltd.}
}

@INPROCEEDINGS{4663417,
  author = {Degesys, J and Nagpal, R},
  title = {{Towards Desynchronization of Multi-hop Topologies}},
  booktitle = {Self-Adaptive and Self-Organizing Systems, 2008. SASO '08. Second
	IEEE International Conference on},
  year = {2008},
  pages = {129--138},
  keywords = {DESYNC;Hamiltonian cycles;desynchronization;desynchronized configuration;graph
	coloring;multi-hop topologies;resource-allocation schedule;self-organizing
	algorithm;single-hop networks;wireless sensor networks;graph theory;self-organising
	feature maps;telecommunication computing;wireless sensor networks;}
}

@INPROCEEDINGS{4379660,
  author = {Degesys, J and Rose, I and Patel, A and Nagpal, R},
  title = {{DESYNC: Self-Organizing Desynchronization and TDMA on Wireless Sensor
	Networks}},
  booktitle = {Information Processing in Sensor Networks, 2007. IPSN 2007. 6th International
	Symposium on},
  year = {2007},
  pages = {11--20},
  keywords = {DESYNC;TDMA;Telos MAC protocol;biologically inspired self maintaining
	algorithm;message loss;self organizing desynchronization;single hop
	network;wireless sensor networks;time division multiple access;wireless
	sensor networks;}
}

@ARTICLE{swarm,
  author = {Ekanayake, Samitha W. and Pathirana, Pubudu N.},
  title = {Formations of Robotic Swarm: An Artificial Force Based Approach},
  journal = {International Journal of Advanced Robotic Systems},
  year = {2010},
  issn = {1729-8806},
  publisher = {InTech}
}

@ARTICLE{abel,
  author = {Faucette, William M},
  title = {A Geometric Interpretation of the Solution of the General Quartic
	Polynomial},
  journal = {American Mathematical Monthly},
  year = {1996},
  volume = {103},
  pages = {51},
  number = {1}
}

@ARTICLE{flocchini-08,
  author = {Flocchini, Paola and Prencipe, Giuseppe and Santoro, Nicola},
  title = {Self-deployment of mobile sensors on a ring},
  journal = {Theor. Comput. Sci.},
  year = {2008},
  volume = {402},
  pages = {67--80},
  number = {1},
  month = jul,
  acmid = {1387507},
  address = {Essex, UK},
  issn = {0304-3975},
  issue_date = {July, 2008},
  keywords = {Mobile sensors, Ring, Scattering, Self-deployment},
  numpages = {14},
  publisher = {Elsevier Science Publishers Ltd.}
}

@INPROCEEDINGS{Ganeriwal:2003:TPS:958491.958508,
  author = {Ganeriwal, Saurabh and Kumar, Ram and Srivastava, Mani B},
  title = {{Timing-sync protocol for sensor networks}},
  booktitle = {Proceedings of the 1st international conference on Embedded networked
	sensor systems},
  year = {2003},
  series = {SenSys '03},
  pages = {138--149},
  address = {New York, NY, USA},
  publisher = {ACM},
  file = {:home/supasate/documents/Wireless Sensor Networks/papers/timesync/tpsn-SenSys03.pdf:pdf},
  isbn = {1-58113-707-9},
  keywords = {clock drift,medium access control,packet delay,sensor networks,time
	synchronization}
}

@ARTICLE{gershger,
  author = {Gershgorin, Semyon Aranovich},
  title = {Über die Abgrenzung der Eigenwerte einer Matrix},
  journal = {Bulletin de l'Académie des Sciences de l'URSS. Classe des sciences
	mathématiques et na},
  year = {1931},
  volume = {6},
  pages = {749--754},
  owner = {ping},
  timestamp = {2012.04.19}
}

@INPROCEEDINGS{zigzag,
  author = {Gollakota, Shyamnath and Katabi, Dina},
  title = {Zigzag decoding: combating hidden terminals in wireless networks},
  booktitle = {Proceedings of the ACM SIGCOMM 2008 conference on Data communication},
  year = {2008},
  series = {SIGCOMM '08},
  pages = {159--170},
  address = {New York, NY, USA},
  publisher = {ACM},
  acmid = {1402977},
  isbn = {978-1-60558-175-0},
  keywords = {hidden terminals, interference cancellation, wireless},
  location = {Seattle, WA, USA},
  numpages = {12}
}

@ARTICLE{edtdma,
  author = {Gong, Haigang and Liu, Ming and Chen, Guihai and Zhang, Xue},
  title = {A study on event-driven TDMA protocol for wireless sensor networks},
  journal = {EURASIP J. Wirel. Commun. Netw.},
  year = {2010},
  volume = {2010},
  pages = {9:1--9:12},
  month = {February},
  acmid = {1957972},
  address = {New York, NY, United States},
  articleno = {9},
  doi = {http://dx.doi.org/10.1155/2010/169132},
  issn = {1687-1472},
  issue_date = {February 2010},
  numpages = {12},
  owner = {ping},
  publisher = {Hindawi Publishing Corp.},
  timestamp = {2012.03.15},
  url = {http://dx.doi.org/10.1155/2010/169132}
}

@TECHREPORT{circulant,
  author = {Robert M. Gray},
  title = {Toeplitz and Circulant Matrices: A review},
  year = {2001}
}

@INPROCEEDINGS{surveillance,
  author = {Gui, Chao and Mohapatra, Prasant},
  title = {Power conservation and quality of surveillance in target tracking
	sensor networks},
  booktitle = {Proceedings of the 10th annual international conference on Mobile
	computing and networking},
  year = {2004},
  series = {MobiCom '04},
  pages = {129--143},
  address = {New York, NY, USA},
  publisher = {ACM},
  acmid = {1023734},
  isbn = {1-58113-868-7},
  keywords = {coverage process, proactive wakeup, quality of surveillance, sleep
	planning, target tracking sensor network},
  location = {Philadelphia, PA, USA},
  numpages = {15}
}

@INPROCEEDINGS{energy,
  author = {He, Tian and Krishnamurthy, Sudha and Stankovic, John A. and Abdelzaher,
	Tarek and Luo, Liqian and Stoleru, Radu and Yan, Ting and Gu, Lin
	and Hui, Jonathan and Krogh, Bruce},
  title = {Energy-efficient surveillance system using wireless sensor networks},
  booktitle = {Proceedings of the 2nd international conference on Mobile systems,
	applications, and services},
  year = {2004},
  series = {MobiSys '04},
  pages = {270--283},
  address = {New York, NY, USA},
  publisher = {ACM},
  acmid = {990096},
  isbn = {1-58113-793-1},
  keywords = {energy conservation, sensor networks, tracking, wireless},
  location = {Boston, MA, USA},
  numpages = {14}
}

@INCOLLECTION{herman,
  author = {Herman, Ted and Tixeuil, Sébastien},
  title = {A Distributed TDMA Slot Assignment Algorithm for Wireless Sensor
	Networks},
  booktitle = {Algorithmic Aspects of Wireless Sensor Networks},
  publisher = {Springer Berlin / Heidelberg},
  year = {2004},
  editor = {Nikoletseas, Sotiris and Rolim, José},
  volume = {3121},
  series = {Lecture Notes in Computer Science},
  pages = {45-58},
  affiliation = {University of Iowa},
  isbn = {978-3-540-22476-1},
  keyword = {Computer Science}
}

@ARTICLE{hirst97,
  author = {Hirst, Holly P. and Macey, Wade T.},
  title = {Bounding the Roots of Polynomials},
  journal = {The College Mathematics Journal},
  year = {1997},
  volume = {28},
  pages = {pp. 292-295},
  number = {4},
  copyright = {Copyright © 1997 Mathematical Association of America},
  issn = {07468342},
  jstor_articletype = {research-article},
  jstor_formatteddate = {Sep., 1997},
  language = {English},
  publisher = {Mathematical Association of America}
}

@INPROCEEDINGS{5062256,
  author = {Hui Kang and Wong, J.L.},
  title = {A Localized Multi-Hop Desynchronization Algorithm for Wireless Sensor
	Networks},
  booktitle = {INFOCOM 2009, IEEE},
  year = {2009},
  pages = {2906 -2910},
  issn = {0743-166X},
  keywords = {TelosB motes;acyclic multihop wireless sensor networks;collision-free
	transmission scheduling;collision-free transmission slot;desynchronization
	approach;hidden terminal problem;localized multihop desynchronization
	algorithm;network topologies;single-hop wireless sensor networks;telecommunication
	network topology;wireless sensor networks;}
}

@INPROCEEDINGS{levis-tossim-03,
  author = {Philip Levis and Nelson Lee and Matt Welsh and David Culler},
  title = {TOSSIM: accurate and scalable simulation of entire TinyOS applications},
  booktitle = {SenSys '03: Proceedings of the 1st international conference on Embedded
	networked sensor systems},
  year = {2003},
  pages = {126--137},
  address = {New York, NY, USA},
  publisher = {ACM},
  isbn = {1-58113-707-9},
  location = {Los Angeles, California, USA}
}

@INPROCEEDINGS{levis-tinyos-04,
  author = {Philip Levis and Sam Madden and Joseph Polastre and Robert Szewczyk
	and Alec Woo and David Gay and Jason Hill and Matt Welsh and Eric
	Brewer and David Culler},
  title = {TinyOS: An operating system for sensor networks},
  booktitle = {in Ambient Intelligence},
  year = {2004},
  publisher = {Springer Verlag}
}

@INPROCEEDINGS{habitat,
  author = {Mainwaring, Alan and Culler, David and Polastre, Joseph and Szewczyk,
	Robert and Anderson, John},
  title = {Wireless sensor networks for habitat monitoring},
  booktitle = {Proceedings of the 1st ACM international workshop on Wireless sensor
	networks and applications},
  year = {2002},
  series = {WSNA '02},
  pages = {88--97},
  address = {New York, NY, USA},
  publisher = {ACM},
  acmid = {570751},
  isbn = {1-58113-589-0},
  keywords = {environmental monitoring, habitat monitoring, low power systems, sensor
	network architecture, wireless sensor networks},
  location = {Atlanta, Georgia, USA},
  numpages = {10}
}

@INPROCEEDINGS{Maroti:2004:FTS:1031495.1031501,
  author = {Mar\'{o}ti, Mikl\'{o}s and Kusy, Branislav and Simon, Gyula and L\'{e}deczi,
	\'{A}kos},
  title = {{The flooding time synchronization protocol}},
  booktitle = {Proceedings of the 2nd international conference on Embedded networked
	sensor systems},
  year = {2004},
  series = {SenSys '04},
  pages = {39--49},
  address = {New York, NY, USA},
  publisher = {ACM},
  file = {:home/supasate/documents/Wireless Sensor Networks/papers/timesync/FTSP-SenSys04.pdf:pdf},
  isbn = {1-58113-879-2},
  keywords = {clock drift,clock synchronization,multi-hop,sensor networks,time synchronization}
}

@ARTICLE{MS1990,
  author = {Mirollo, Renato E. and Strogatz, Steven H.},
  title = {Synchronization of pulse-coupled biological oscillators},
  journal = {SIAM J. Appl. Math.},
  year = {1990},
  volume = {50},
  pages = {1645--1662},
  month = {November},
  acmid = {95570},
  address = {Philadelphia, PA, USA},
  issn = {0036-1399},
  issue = {6},
  numpages = {18},
  publisher = {Society for Industrial and Applied Mathematics}
}

@INPROCEEDINGS{5062165,
  author = {Motskin, A and Roughgarden, T and Skraba, P and Guibas, L},
  title = {{Lightweight Coloring and Desynchronization for Networks}},
  booktitle = {INFOCOM 2009, IEEE},
  year = {2009},
  pages = {2383--2391},
  issn = {0743-166X},
  keywords = {distributed desynchronization problem;distributed vertex colorings;graphs;lightweight
	coloring;link volatility;node failure;sensor networks;ultralightweight
	randomized algorithms;distributed sensors;graph theory;randomised
	algorithms;telecommunication network reliability;}
}

@TECHREPORT{MK09DESYNC,
  author = {Clemens Mühlberger and Reiner Kolla},
  title = {Extended Desynchronization for Multi-Hop Topologies},
  institution = {Institut für Informatik, Universität Würzburg},
  year = {2009},
  number = {460},
  month = jul,
  added-at = {2010-05-06T09:55:52.000+0200},
  biburl = {http://www.bibsonomy.org/bibtex/22b5da59f23244c5ff4e9a71d72635c50/emerentia},
  interhash = {eea83b85ac3df051e5ccd4195664209c},
  intrahash = {2b5da59f23244c5ff4e9a71d72635c50},
  keywords = {desync}
}

@ARTICLE{pan97,
  author = {Pan, Victor Y.},
  title = {Solving a Polynomial Equation: Some History and Recent Progress},
  journal = {SIAM Rev.},
  year = {1997},
  volume = {39},
  pages = {187--220},
  number = {2},
  month = jun,
  acmid = {272208},
  address = {Philadelphia, PA, USA},
  issn = {0036-1445},
  issue_date = {June 1997},
  keywords = {Weyl's quadtree algorithm, complex polynomial zeros, computer algebra,
	divide-and-conquer algorithms, fundamental theorem of algebra, numerical
	approximation, polynomial equation},
  numpages = {34},
  publisher = {Society for Industrial and Applied Mathematics}
}

@INCOLLECTION{Parthasarathy,
  author = {Parthasarathy, Srinivasan and Gandhi, Rajiv},
  title = {Distributed Algorithms for Coloring and Domination in Wireless Ad Hoc
	Networks},
  booktitle = {FSTTCS 2004: Foundations of Software Technology and Theoretical Computer
	Science},
  publisher = {Springer Berlin / Heidelberg},
  year = {2005},
  editor = {Lodaya, Kamal and Mahajan, Meena},
  volume = {3328},
  series = {Lecture Notes in Computer Science},
  pages = {447-459},
  affiliation = {Department of Computer Science, University of Maryland, College Park,
	MD 20742},
  isbn = {978-3-540-24058-7},
  keyword = {Computer Science}
}

@INPROCEEDINGS{4274893,
  author = {Patel, A and Degesys, J and Nagpal, R},
  title = {{Desynchronization: The Theory of Self-Organizing Algorithms for
	Round-Robin Scheduling}},
  booktitle = {Self-Adaptive and Self-Organizing Systems, 2007. SASO '07. First
	International Conference on},
  year = {2007},
  pages = {87--96},
  keywords = {inverse problem;medium access control;self-organizing desynchronization
	algorithms;wireless sensor networks;inverse problems;scheduling;wireless
	sensor networks;}
}

@ARTICLE{trama,
  author = {Rajendran, Venkatesh and Obraczka, Katia and Garcia-Luna-Aceves,
	J. J.},
  title = {Energy-efficient, collision-free medium access control for wireless
	sensor networks},
  journal = {Wirel. Netw.},
  year = {2006},
  volume = {12},
  pages = {63--78},
  month = {February},
  acmid = {1143386},
  address = {Hingham, MA, USA},
  issn = {1022-0038},
  issue = {1},
  keywords = {ad hoc networks, energy-efficient scheduling, sensor networks, traffic-adaptive
	medium access},
  numpages = {16},
  publisher = {Kluwer Academic Publishers}
}

@ARTICLE{4803842,
  author = {Rhee, I. and Warrier, A. and Jeongki Min and Lisong Xu},
  title = {DRAND: Distributed Randomized TDMA Scheduling for Wireless Ad Hoc
	Networks},
  journal = {IEEE Transactions on Mobile Computing.},
  year = {2009},
  volume = {8},
  pages = {1384 -1396},
  number = {10},
  month = {oct. },
  issn = {1536-1233},
  keywords = {DRAND analysis;Mica2 node;TinyOS;distributed randomized TDMA scheduling;local
	identifier assignment;message delay;randomized time slot scheduling
	algorithm;time synchronization;time-message complexity;wireless ad
	hoc network topology;ad hoc networks;computational complexity;distributed
	algorithms;randomised algorithms;scheduling;synchronisation;telecommunication
	network topology;time division multiple access;}
}

@INPROCEEDINGS{v-desync,
  author = {Settawatcharawanit, Tossaphol and Choochaisri, Supasate and Intanagonwiwat,
	Chalermek and Rojviboonchai, Kultida},
  title = {V-DESYNC: Desynchronization for Beacon Broadcasting in Vehicular
	Networks},
  booktitle = {Proceedings of IEEE 75th Vehicular Technology Conference},
  year = {2012},
  series = {VTC2012-Spring},
  acmid = {1402977},
  isbn = {978-1-60558-175-0},
  location = {Seattle, WA, USA},
  numpages = {12}
}

@INPROCEEDINGS{5211944,
  author = {Sommer, P and Wattenhofer, R},
  title = {{Gradient clock synchronization in wireless sensor networks}},
  booktitle = {Information Processing in Sensor Networks, 2009. IPSN 2009. International
	Conference on},
  year = {2009},
  pages = {37--48},
  keywords = {GTSP;broadcast synchronization;gradient clock synchronization message;gradient
	time synchronization protocol;logical clock;tree topology;wireless
	sensor network;clocks;gradient methods;protocols;synchronisation;telecommunication
	network topology;trees (mathematics);wireless sensor networks;}
}

@INPROCEEDINGS{defago04,
  author = {Souissi, Samia and Défago, Xavier and Katayama, Takuya},
  title = {Convergence of a Uniform Circle Formation Algorithm for Distributed
	Autonomous Mobile Robots},
  booktitle = {Proceedings of the Joint Japan-Tunisia Workshop on Computer Systems
	and Information Technology},
  year = {2004},
  series = {JT-CSIT'04},
  acmid = {1402977},
  isbn = {978-1-60558-175-0},
  location = {Seattle, WA, USA},
  numpages = {12}
}

@INPROCEEDINGS{810278,
  author = {Spears, W.M. and Gordon, D.F.},
  title = {Using artificial physics to control agents},
  booktitle = {Information Intelligence and Systems, 1999. Proceedings. 1999 International
	Conference on},
  year = {1999},
  pages = {281 -288},
  keywords = {agents;artificial forces;artificial physics;distributed computation;distributed
	control;fault tolerance;natural physical laws;regular geometric agent
	configurations;self-assembly;self-repair;distributed processing;fault
	tolerant computing;multi-agent systems;software agents;}
}

@INPROCEEDINGS{physicomimetics,
  author = {William M. Spears and Diana F. Spears and Rodney Heil and Wesley
	Kerr and Suranga Hettiarachchi},
  title = {An overview of physicomimetics},
  booktitle = {Lecture Notes in Computer Science – State of the Art Series},
  year = {2005}
}

@ARTICLE{suzuki-99,
  author = {Suzuki, Ichiro and Yamashita, Masafumi},
  title = {Distributed Anonymous Mobile Robots: Formation of Geometric Patterns},
  journal = {SIAM J. Comput.},
  year = {1999},
  volume = {28},
  pages = {1347--1363},
  number = {4},
  month = mar,
  acmid = {312211},
  address = {Philadelphia, PA, USA},
  issn = {0097-5397},
  issue_date = {Aug. 1999},
  keywords = {anonymous robots, distributed algorithms, formation of geometric patterns,
	mobile robots, multiagent systems},
  numpages = {17},
  publisher = {Society for Industrial and Applied Mathematics}
}

@INPROCEEDINGS{suzuki-96,
  author = {Suzuki, Ichiro and Yamashita, Masafumi},
  title = {Distributed Anonymous Mobile Robots-Formation and Agreement Problems},
  booktitle = {Proceedings of the 3rd International Colloquium on Structural Information
	and Communication Complexity},
  year = {1996},
  series = {SIROCCO '96},
  pages = {313--330},
  acmid = {1402977},
  isbn = {978-1-60558-175-0},
  location = {Seattle, WA, USA},
  numpages = {12}
}

@INPROCEEDINGS{desyncort,
  author = {Taechalertpaisarn, Pongpakdi and Choochaisri, Supasate and Intanagonwiwat,
	Chalermek},
  title = {An Orthodontics-Inspired Desynchronization Algorithm for Wireless
	Sensor Networks},
  booktitle = {Proceedings of the 13th IEEE International Conference on Communication
	Technology},
  year = {2011},
  acmid = {1402977},
  isbn = {978-1-60558-175-0},
  location = {Seattle, WA, USA},
  numpages = {12}
}

@INCOLLECTION{artphysics,
  author = {Wang, Yan and Zeng, Jian-chao and Tan, Ying},
  title = {An Artificial Physics Optimization Algorithm for Multi-Objective
	Problems Based on Virtual Force Sorting Proceedings},
  booktitle = {Swarm, Evolutionary, and Memetic Computing},
  publisher = {Springer Berlin / Heidelberg},
  year = {2010},
  editor = {Panigrahi, Bijaya and Das, Swagatam and Suganthan, Ponnuthurai and
	Dash, Subhransu},
  volume = {6466},
  series = {Lecture Notes in Computer Science},
  pages = {615-622},
  affiliation = {College of Electrical and Information Engineering, Lanzhou University
	of Technology, Lanzhou, China},
  isbn = {978-3-642-17562-6},
  keyword = {Computer Science}
}

@INPROCEEDINGS{Werner-Allen,
  author = {Werner-Allen, Geoffrey and Tewari, Geetika and Patel, Ankit and Welsh,
	Matt and Nagpal, Radhika},
  title = {{Firefly-inspired sensor network synchronicity with realistic radio
	effects}},
  booktitle = {Proceedings of the 3rd international conference on Embedded networked
	sensor systems},
  year = {2005},
  series = {SenSys '05},
  pages = {142--153},
  address = {New York, NY, USA},
  publisher = {ACM},
  isbn = {1-59593-054-X},
  keywords = { pulse-coupled oscillators, synchronization, wireless sensor networks,biologically
	inspired algorithms}
}

@INPROCEEDINGS{structure,
  author = {Xu, Ning and Rangwala, Sumit and Chintalapudi, Krishna Kant and Ganesan,
	Deepak and Broad, Alan and Govindan, Ramesh and Estrin, Deborah},
  title = {A wireless sensor network For structural monitoring},
  booktitle = {Proceedings of the 2nd international conference on Embedded networked
	sensor systems},
  year = {2004},
  series = {SenSys '04},
  pages = {13--24},
  address = {New York, NY, USA},
  publisher = {ACM},
  acmid = {1031498},
  isbn = {1-58113-879-2},
  keywords = {Wisden, sensor network, structural health monitoring},
  location = {Baltimore, MD, USA},
  numpages = {12}
}

